@BOOK{bringhurst:2002,
  title = {{T}he {E}lements of {T}ypographic {S}tyle},
  publisher = {Hartley \& Marks Publishers},
  year = {2008},
  author = {Bringhurst, R. },
  series = {Version 3.2},
  address = {Point Roberts, WA, USA}
}

@ARTICLE{knuth:1974,
  author = {Knuth, D. E.},
  title = {{C}omputer {P}rogramming as an {A}rt},
  journal = {Communications of the ACM},
  year = {1974},
  volume = {17},
  pages = {667--673},
  number = {12},
  address = {New York, NY, USA},
  publisher = {ACM Press}
}

@BOOK{verne_journey:1957,
  title={Journey to the Center of the Earth},
  author={Verne, J.},
  isbn={9780758311993},
  series={Classics illustrated},
  year={1957},
  publisher={Huge Print Press}
}

@article{ranganathan2010-pac,
	author = {Parthasarathy, Ranganathan},
	title = {Recipe for Efficiency: Principles of PowerAware Computing},
	journaltitle = {Communications of the ACM},
	volume = {53},
	number = {4},
	month = {04},
	pages = {60-67},
	year = {2010},
}

@article{PerezMirandolaMers2007-qosbw,
	author = {Diego, Perez-Palacin and Raffaela, Mirandola and José, Merseguer},
	title = {Accurate Modeling and Efficient QoS Analysis of Adaptive Systems under Bursty Workload},
	journaltitle = {JOURNAL OF LATEX CLASS FILES},
	volume = {6},
	number = {1},
	month = {01},
	year = {2007},
}

@article{MarzollaMirandola2013-dpm,
	author = {Moreno, Marzolla, and Raffaela, Mirandola},
	title = {Dynamic power management for QoS-aware applications},
	journaltitle = {Sustainable Computing: Informatics and Systems},
	volume = {3},
	issue = {4},
	month = {02},
	pages = {231-248},
	year = {2013},
}

@article{PerezMirandolaMerseguer2014-relQoSandSWadapt,
	author = {Diego, Perez-Palacin and Raffaela, Mirandola and José, Merseguer},
	title = {On the relationships between QoS and software adaptability at thearchitectural level},
	journaltitle = {Journal of Systems and Software},
	volume = {87},
	month = {01},
	pages = {1-17},
	year = {2013},
}

@article{PerezMirandolaMerseguer2014-QoSandPetriNets,
	author = {Diego, Perez-Palacin and Raffaela, Mirandola and José, Merseguer},
	title = {QoS and energy management with Petri nets: A self-adaptive framework},
	journaltitle = {Journal of Systems and Software},
	volume = {85},
	issue = {12},
	month = {12},
	pages = {2796–2811},
	year = {2012},
}

@article{DinhLeeNiyatoWand2013-surveyMCC,
	author = {Dusit , Niyato and Hoang , Dinh and Chonho , Lee  and Ping , Wang},
	title = {A survey of mobile cloud computing: architecture, applications, and approaches},
	journaltitle = {Wireless Communications and Mobile Computing},
	volume = {13},
	issue = {18},
	month = {12},
	pages = {1587–1611},
	year = {2013},
}

@manual{BT-CoreSpec4.0,
	title = {Bluetooth Core Specification 4.0},
	date = {2010-06-10},
	volume = {6},
	url = {https://www.bluetooth.org/en-us/specification/adopted-specifications},
}

@online{BT-SmartMarks,
	title = {Bluetooth smart marks},
	url = {https://www.bluetooth.org/en-us/bluetooth-brand/smart-marks},
	organization = {Bluetooth SIG},
}

@online{BT-Brand,
	title = {Bluetooth Brand},
	url = {http://www.bluetooth.com/Pages/Bluetooth-Brand.aspx},
	organization = {Bluetooth SIG},
}

@online{BT-Basics,
	title = {Bluetooth Basics},
	url = {http://www.bluetooth.com/Pages/Basics.aspx},
	organization = {Bluetooth SIG},
}

@thesis{tesi_tibertoa2013,
	author = {Alessia, Tiberto},
	title = {Confronto tra Bluetooth Basic Rate e Bluetooth Low Energy},
	type = {Bachelor Degree},
	institution = {institution},
	url = {http://tesi.cab.unipd.it/44150/1/tesi_tibertoa.pdf},
}

@article{sensor2012,
	author = {Carles, Gomez and Joaquim, Oller and Josep, Paradells},
	title = {Overview and Evaluation of Bluetooth Low Energy: An Emerging Low-Power Wireless Technology},
	journaltitle = {Sensors 2012},
	volume = {12},
	issue = {9},
	month = {08},
	pages = {1587–1611},
	year = {2012},
}

@article{comparisonGAonRT2012,
	author = {Ruijing, Hu and Julien, Sopena and Luciana, Arantes and Pierre, Sens and Isabelle, Demeure},
	title = {A fair comparison of gossip algorithms over large-scale random topologies},
	journaltitle = {Reliable Distributed Systems (SRDS)},
	month = {11},
	pages = {331–340},
	year = {2012},
}

@report{comparisonGAonRT2014-ita,
	author = {Daniele, Baschieri and Michele, Corazza and Stefano, Gombi},
	title = {Una comparazione tra algoritmi di GOSSIP su differenti simulatori},
	type = {Report},
	month = {09},
	year = {2014},
	url = {http://www.doc4net.it/doc/2720361403100},
}


@article{gardner1970-gameoflife,
	author = {Martin, Gardner},
	title = {The fantastic combinations of John Conway's new solitaire game "Life"},
	journaltitle = {Scientific American},
	volume = {223},
	month = {10},
	pages = {120-123},
	year = {1970},
}

@report{schindel2004-epidemicAlg,
	author = {Christian Schindelhauer},
	title = {Epidemic Algorithms},
	type = {Topic},
	institution = {Paderborn University},
	date = {2004},
	url = {http://www2.cs.uni-paderborn.de/cs/ag-madh/WWW/Teaching/2004SS/AlgInternet/Submissions/09-Epidemic-Algorithms.pdf},
}

@article{montresor2004-antiEntropy,
	author = {Jelasity, M. and Montresor, A.},
	title = {Epidemic-style proactive aggregation in large overlay networks},
	journaltitle = {Distributed Computing Systems, 2004. Proceedings. 24th International Conference},
	pages = {102-109},
	year = {2004},
}

@article{montresor2004-overlay,
	author = {Montresor, A.},
	title = {Epidemic-style proactive aggregation in large overlay networks},
	journaltitle = {Peer-to-Peer Computing, 2004. Proceedings. Proceedings. Fourth International Conference},
	pages = {202-209},
	year = {2004},
}

@article{montresor2009-peersim_scalabile,
	author = {Alberto, Montresor and Márk, Jelasity},
	title = {Peersim: A scalable p2p simulator},
	journaltitle = {Peer-to-Peer Computing, 2009. P2P'09. IEEE Ninth International Conference},
	pages = {99-100},
	year = {2009},
	publisher = {IEEE},
}

@report{montresor2009-peersimP2P,
	author = {Márk, Jelasity and Alberto, Montresor and Gian Paolo, Jesi and Spyros, Voulgaris},
	title = {PeerSim: A peer-to-peer simulator},
	type = {Lesson},
	year = {2009},
	url = {http://peersim.sourceforge.net},
}

@report{montresor2010-peersim,
	author = {Márk, Jelasity and Alberto, Montresor and Gian Paolo, Jesi and Spyros, Voulgaris},
	title = {PeerSim: A peer-to-peer simulator},
	type = {Lesson},
	year = {2010},
	url = {http://peersim.sourceforge.net},
}

@article{omnet2002-edu,
	author = {András, Varga},
	title = {Using the OMNeT++ discrete event simulation system in education},
	journaltitle = {Education, IEEE Transactions},
	volume = {42},
	issue = {4},
	month = {08},
	pages = {331–340},
	year = {2002},
}

@article{omnet2002-overview,
	author = {András, Varga and Rudolf, Hornig},
	title = {An overview of the OMNeT++ simulation environment},
	journaltitle = {Simutools '08},
	issue = {60},
	year = {2008},
	publisher = {ICST},
	url = {http://dl.acm.org/citation.cfm?id=1416290}
}

@inbook{omnet2010-book,
	author = {Andras, Varga},
	title = {OMNeT++},
	booktitle = {Modeling and Tools for Network Simulation},
	OPTbookauthor = {bookauthor},
	pages = {35-59},
	year = {2010},
	publisher = {Springer Berlin Heidelberg},
}

@report{istat2014,
	author = {ISTAT},
	title = {CITTADINI E NUOVE TECNOLOGIE},
	type = {report},
	institution = {ISTAT},
	month = {12},
	year = {2014},
	url = {http://www.istat.it/it/archivio/143073},
}

@article{gossip2000-comp,
	author = {Karp, R. and Schindelhauer, C. and Shenker, S. and Vocking, B.},
	title = {Randomized rumor spreading},
	journaltitle = {Foundations of Computer Science},
	year = {2000},
	pages = {565 - 574},
	publisher = {IEEE},
	OPTurl = {http://ieeexplore.ieee.org/xpl/login.jsp?tp=&arnumber=892324&url=http%3A%2F%2Fieeexplore.ieee.org%2Fxpls%2Fabs_all.jsp%3Farnumber%3D892324},
}

@online{wemakehistory2014-articolo,
	author = {RUTVICA, ANDRIJASEVIC},
	title = {Hong Kong’s Students Protests: We make history},
	date = {2014/10/24},
	url = {http://www.connessioniprecarie.org/2014/10/21/hong-kongs-students-protests-we-make-history/},
}

@online{wemakehistory2014-fattoq,
	editor = {Il Fatto Quotidiano},
	title = {Hong Kong, “Occupy Central” in piazza. Polizia carica studenti con i lacrimogeni},
	date = {2014/09/24},
	url = {http://www.ilfattoquotidiano.it/2014/09/28/hong-kong-si-ribella-alla-cina-studenti-lanciano-la-protesta-occupy-central/1135857/},
}

@online{wemakehistory2014-lastampa,
	editor = {La Stampa},
	title = {Hong Kong, ultimatum degli studenti al governo “Dimissioni entro domani o via alle occupazioni”},
	date = {2014/09/24},
	url = {http://www.lastampa.it/2014/10/01/esteri/proteste-a-oltranza-a-hong-kong-vertice-diplomatico-usacina-pLQc2G7cSWyQyU4CQQwKyM/pagina.html},
}

@online{BT-2012-tabellacomparativa,
	author = {Svein-Egil, Nielsen},
	title = {Bluetooth v4.0’s Smart start},
	date = {2012/10/05},
	url = {http://www.electronicsnews.com.au/Technical-Articles/Bluetooth-v4-0-s-Smart-start},
}

@book{peertopeer-book,
	author = {Andy, Oramhor},
	title = {Peer-to-Peer},
	date = {date},
	editor = {Andy, Oramhor},
	subtitle = {Harnessing the Power of Disruptive Technologies},
	OPTpublisher = {O'Reilly Media},
	pages = {448},
}
